@article{xiao2016survey,
  title={A survey on wireless indoor localization from the device perspective},
  author={Xiao, Jiang and Zhou, Zimu and Yi, Youwen and Ni, Lionel M},
  journal={ACM Computing Surveys (CSUR)},
  volume={49},
  number={2},
  pages={25},
  year={2016},
  publisher={ACM}
}

@article{junglas2008location,
  title={Location-based services},
  author={Junglas, Iris A and Watson, Richard T},
  journal={Communications of the ACM},
  volume={51},
  number={3},
  pages={65},
  year={2008}
}

@article{赵杨2018基于机器学习混合算法的,
  title={基于机器学习混合算法的 APP 广告转化率预测研究},
  author={赵杨 and 袁析妮 and 陈亚文 and 武立强},
  journal={数据分析与知识发现},
  volume={2},
  number={11},
  pages={2--9},
  year={2018}
}


@article{黄毅2010无线传感器网络定位算法综述,
  title={无线传感器网络定位算法综述},
  author={黄毅 and 胡爱群},
  journal={电信科学},
  volume={26},
  number={7},
  pages={69--76},
  year={2010}
}

@article{vaghefi2013cooperative,
  title={Cooperative received signal strength-based sensor localization with unknown transmit powers},
  author={Vaghefi, Reza Monir and Gholami, Mohammad Reza and Buehrer, R Michael and Strom, Erik G},
  journal={IEEE Transactions on Signal Processing},
  volume={61},
  number={6},
  pages={1389--1403},
  year={2013},
  publisher={IEEE}
}

@inproceedings{wang2011near,
  title={A near-optimal least squares solution to received signal strength difference based geolocation},
  author={Wang, Sichun and Inkol, Robert},
  booktitle={Acoustics, Speech and Signal Processing (ICASSP), 2011 IEEE International Conference on},
  pages={2600--2603},
  year={2011},
  organization={IEEE}
}

@inproceedings{jackson2011received,
  title={Received signal strength difference emitter geolocation least squares algorithm comparison},
  author={Jackson, Brad R and Wang, Sichun and Inkol, R},
  booktitle={Electrical and Computer Engineering (CCECE), 2011 24th Canadian Conference on},
  pages={001113--001118},
  year={2011},
  organization={IEEE}
}

@book{kay1993fundamentals,
  title={Fundamentals of statistical signal processing},
  author={Kay, Steven M},
  year={1993},
  publisher={Prentice Hall PTR}
}

@article{guvenc2009survey,
  title={A survey on TOA based wireless localization and NLOS mitigation techniques},
  author={Guvenc, Ismail and Chong, Chia-Chin},
  journal={IEEE Communications Surveys \& Tutorials},
  volume={11},
  number={3},
  year={2009},
  publisher={IEEE}
}

@article{catovic2004cramer,
  title={The Cramer-Rao bounds of hybrid TOA/RSS and TDOA/RSS location estimation schemes},
  author={Catovic, Amer and Sahinoglu, Zafer},
  journal={IEEE Communications Letters},
  volume={8},
  number={10},
  pages={626--628},
  year={2004},
  publisher={IEEE}
}

@article{cong2002hybrid,
  title={Hybrid TDOA/AOA mobile user location for wideband CDMA cellular systems},
  author={Cong, Li and Zhuang, Weihua},
  journal={IEEE Transactions on Wireless Communications},
  volume={1},
  number={3},
  pages={439--447},
  year={2002},
  publisher={IEEE}
}

@article{liu2006analysis,
  title={Analysis of hyperbolic and circular positioning algorithms using stationary signal-strength-difference measurements in wireless communications},
  author={Liu, Bo-Chieh and Lin, K-H and Wu, Jieh-Chian},
  journal={IEEE Transactions on Vehicular Technology},
  volume={55},
  number={2},
  pages={499--509},
  year={2006},
  publisher={IEEE}
}

@article{sheng2005maximum,
  title={Maximum likelihood multiple-source localization using acoustic energy measurements with wireless sensor networks},
  author={Sheng, Xiaohong and Hu, Yu-Hen},
  journal={IEEE Transactions on Signal Processing},
  volume={53},
  number={1},
  pages={44--53},
  year={2005},
  publisher={IEEE}
}

@article{erceg1999empirically,
  title={An empirically based path loss model for wireless channels in suburban environments},
  author={Erceg, Vinko and Greenstein, Larry J and Tjandra, Sony Y and Parkoff, Seth R and Gupta, Ajay and Kulic, Boris and Julius, Arthur A and Bianchi, Renee},
  journal={IEEE Journal on selected areas in communications},
  volume={17},
  number={7},
  pages={1205--1211},
  year={1999},
  publisher={IEEE}
}

@inproceedings{rizos2007indoor,
  title={Indoor positioning techniques based on wireless LAN},
  author={Rizos, Chris and Dempster, Andrew G and Li, Binghao and Salter, James},
  year={2007}
}


@article{torres2015comprehensive,
  title={Comprehensive analysis of distance and similarity measures for Wi-Fi fingerprinting indoor positioning systems},
  author={Torres-Sospedra, Joaqu{\'\i}n and Montoliu, Ra{\'u}l and Trilles, Sergio and Belmonte, {\'O}scar and Huerta, Joaqu{\'\i}n},
  journal={Expert Systems with Applications},
  volume={42},
  number={23},
  pages={9263--9278},
  year={2015},
  publisher={Elsevier}
}

@article{roweis2000nonlinear,
  title={Nonlinear dimensionality reduction by locally linear embedding},
  author={Roweis, Sam T and Saul, Lawrence K},
  journal={science},
  volume={290},
  number={5500},
  pages={2323--2326},
  year={2000},
  publisher={American Association for the Advancement of Science}
}

@incollection{simard1998transformation,
  title={Transformation invariance in pattern recognition—tangent distance and tangent propagation},
  author={Simard, Patrice Y and LeCun, Yann A and Denker, John S and Victorri, Bernard},
  booktitle={Neural networks: tricks of the trade},
  pages={239--274},
  year={1998},
  publisher={Springer}
}

@inproceedings{bahl2000radar,
  title={RADAR: An in-building RF-based user location and tracking system},
  author={Bahl, Paramvir and Padmanabhan, Venkata N},
  booktitle={INFOCOM 2000. Nineteenth Annual Joint Conference of the IEEE Computer and Communications Societies. Proceedings. IEEE},
  volume={2},
  pages={775--784},
  year={2000},
  organization={Ieee}
}

@book{gentile2012geolocation,
  title={Geolocation Techniques: Principles and Applications},
  author={Gentile, Camillo and Alsindi, Nayef and Raulefs, Ronald and Teolis, Carole},
  year={2012},
  publisher={Springer Science \& Business Media}
}

@inproceedings{marques2012combining,
  title={Combining similarity functions and majority rules for multi-building, multi-floor, WiFi positioning},
  author={Marques, Nelson and Meneses, Filipe and Moreira, Adriano},
  booktitle={Indoor Positioning and Indoor Navigation (IPIN), 2012 International Conference on},
  pages={1--9},
  year={2012},
  organization={IEEE}
}

@article{del2009efficient,
  title={Efficient techniques and algorithms for improving indoor localization precision on wlan networks applications},
  author={del Corte-Valiente, Antonio and G{\'o}mez-Pulido, Jos{\'e} Manuel and Guti{\'e}rrez-Blanco, Oscar},
  journal={International Journal of Communications, Network and System Sciences},
  volume={2},
  number={07},
  pages={645},
  year={2009},
  publisher={Scientific Research Publishing}
}

@inproceedings{vorst2010comparison,
  title={A comparison of similarity measures for localization with passive RFID fingerprints},
  author={Vorst, Philipp and Zell, Andreas},
  booktitle={Robotics (ISR), 2010 41st International Symposium on and 2010 6th German Conference on Robotics (ROBOTIK)},
  pages={1--8},
  year={2010},
  organization={VDE}
}

@article{xia2017indoor,
  title={Indoor fingerprint positioning based on Wi-Fi: an overview},
  author={Xia, Shixiong and Liu, Yi and Yuan, Guan and Zhu, Mingjun and Wang, Zhaohui},
  journal={ISPRS International Journal of Geo-Information},
  volume={6},
  number={5},
  pages={135},
  year={2017},
  publisher={Multidisciplinary Digital Publishing Institute}
}

@inproceedings{yen2017modified,
  title={A modified WKNN indoor Wi-Fi localization method with differential coordinates},
  author={Yen, Lei and Yan, Ching-Hsiang and Renu, Sakthidasan and Belay, Abebe and Lin, Hsin-Piao and Ye, Yu-Shan},
  booktitle={Applied System Innovation (ICASI), 2017 International Conference on},
  pages={1822--1824},
  year={2017},
  organization={IEEE}
}

@inproceedings{han2015cosine,
  title={Cosine similarity based fingerprinting algorithm in WLAN indoor positioning against device diversity},
  author={Han, Shuai and Zhao, Cong and Meng, Weixiao and Li, Cheng},
  booktitle={Communications (ICC), 2015 IEEE International Conference on},
  pages={2710--2714},
  year={2015},
  organization={IEEE}
}

@inproceedings{agarwal2014budget,
  title={Budget pacing for targeted online advertisements at linkedin},
  author={Agarwal, Deepak and Ghosh, Souvik and Wei, Kai and You, Siyu},
  booktitle={Proceedings of the 20th ACM SIGKDD international conference on Knowledge discovery and data mining},
  pages={1613--1619},
  year={2014},
  organization={ACM}
}

@inproceedings{bharadwaj2012shale,
  title={Shale: an efficient algorithm for allocation of guaranteed display advertising},
  author={Bharadwaj, Vijay and Chen, Peiji and Ma, Wenjing and Nagarajan, Chandrashekhar and Tomlin, John and Vassilvitskii, Sergei and Vee, Erik and Yang, Jian},
  booktitle={Proceedings of the 18th ACM SIGKDD international conference on Knowledge discovery and data mining},
  pages={1195--1203},
  year={2012},
  organization={ACM}
}

@inproceedings{feldman2010online,
  title={Online stochastic packing applied to display ad allocation},
  author={Feldman, Jon and Henzinger, Monika and Korula, Nitish and Mirrokni, Vahab S and Stein, Cliff},
  booktitle={European Symposium on Algorithms},
  pages={182--194},
  year={2010},
  organization={Springer}
}

@article{agrawal2014dynamic,
  title={A dynamic near-optimal algorithm for online linear programming},
  author={Agrawal, Shipra and Wang, Zizhuo and Ye, Yinyu},
  journal={Operations Research},
  volume={62},
  number={4},
  pages={876--890},
  year={2014},
  publisher={INFORMS}
}

@inproceedings{devanur2011near,
  title={Near optimal online algorithms and fast approximation algorithms for resource allocation problems},
  author={Devanur, Nikhil R and Jain, Kamal and Sivan, Balasubramanian and Wilkens, Christopher A},
  booktitle={Proceedings of the 12th ACM conference on Electronic commerce},
  pages={29--38},
  year={2011},
  organization={ACM}
}

@article{ma2017online,
  title={Online resource allocation under arbitrary arrivals: Optimal algorithms and tight competitive ratios},
  author={Ma, Will and Simchi-Levi, David},
  year={2017}
}

@article{hojjat2017unified,
  title={A unified framework for the scheduling of guaranteed targeted display advertising under reach and frequency requirements},
  author={Hojjat, Ali and Turner, John and Cetintas, Suleyman and Yang, Jian},
  journal={Operations Research},
  volume={65},
  number={2},
  pages={289--313},
  year={2017},
  publisher={INFORMS}
}

@inproceedings{kell2016online,
  title={Online budgeted allocation with general budgets},
  author={Kell, Nathaniel and Panigrahi, Debmalya},
  booktitle={Proceedings of the 2016 ACM Conference on Economics and Computation},
  pages={419--436},
  year={2016},
  organization={ACM}
}

@article{wang2018online,
  title={Online advance admission scheduling for services with customer preferences},
  author={Wang, Xinshang and Truong, Van-Anh and Bank, David},
  journal={arXiv preprint arXiv:1805.10412},
  year={2018}
}

@book{garey2002computers,
  title={Computers and intractability},
  author={Garey, Michael R and Johnson, David S},
  volume={29},
  year={2002},
  publisher={wh freeman New York}
}

@article{mcafee2013maximally,
  title={Maximally representative allocations for guaranteed delivery advertising campaigns},
  author={McAfee, R Preston and Papineni, Kishore and Vassilvitskii, Sergei},
  journal={Review of Economic Design},
  volume={17},
  number={2},
  pages={83--94},
  year={2013},
  publisher={Springer}
}

@article{korula2016optimizing,
  title={Optimizing Display Advertising Markets: Challenges and Directions.},
  author={Korula, Nitish and Mirrokni, Vahab S and Nazerzadeh, Hamid},
  journal={IEEE Internet Computing},
  volume={20},
  number={1},
  pages={28--35},
  year={2016}
}

@inproceedings{devanur2009adwords,
  title={The adwords problem: online keyword matching with budgeted bidders under random permutations},
  author={Devanur, Nikhil R and Hayes, Thomas P},
  booktitle={Proceedings of the 10th ACM conference on Electronic commerce},
  pages={71--78},
  year={2009},
  organization={ACM}
}


@inproceedings{karande2013optimizing,
  title={Optimizing budget constrained spend in search advertising},
  author={Karande, Chinmay and Mehta, Aranyak and Srikant, Ramakrishnan},
  booktitle={Proceedings of the sixth ACM international conference on Web search and data mining},
  pages={697--706},
  year={2013},
  organization={ACM}
}

@article{turner2012planning,
  title={The planning of guaranteed targeted display advertising},
  author={Turner, John},
  journal={Operations research},
  volume={60},
  number={1},
  pages={18--33},
  year={2012},
  publisher={INFORMS}
}

@inproceedings{huang2016online,
  title={Online Dual Decomposition for Performance and Delivery-Based Distributed Ad Allocation},
  author={Huang, Jim C and Jenatton, Rodolphe and Archambeau, C{\'e}dric},
  booktitle={Proceedings of the 22nd ACM SIGKDD International Conference on Knowledge Discovery and Data Mining},
  pages={117--126},
  year={2016},
  organization={ACM}
}

@inproceedings{xu2015smart,
  title={Smart pacing for effective online ad campaign optimization},
  author={Xu, Jian and Lee, Kuang-chih and Li, Wentong and Qi, Hang and Lu, Quan},
  booktitle={Proceedings of the 21th ACM SIGKDD International Conference on Knowledge Discovery and Data Mining},
  pages={2217--2226},
  year={2015},
  organization={ACM}
}

@inproceedings{mehta2005adwords,
  title={Adwords and generalized on-line matching},
  author={Mehta, Aranyak and Saberi, Amin and Vazirani, Umesh and Vazirani, Vijay},
  booktitle={46th Annual IEEE Symposium on Foundations of Computer Science (FOCS'05)},
  pages={264--273},
  year={2005},
  organization={IEEE}
}

@article{chapelle2015simple,
  title={Simple and scalable response prediction for display advertising},
  author={Chapelle, Olivier and Manavoglu, Eren and Rosales, Romer},
  journal={ACM Transactions on Intelligent Systems and Technology (TIST)},
  volume={5},
  number={4},
  pages={61},
  year={2015},
  publisher={ACM}
}

@inproceedings{Vee2010Optimal,
  title={Optimal online assignment with forecasts},
  author={Vee, Erik and Vassilvitskii, Sergei and Shanmugasundaram, Jayavel},
  booktitle={Acm Conference on Electronic Commerce},
  year={2010},
}

@inproceedings{chen2011real,
  title={Real-time bidding algorithms for performance-based display ad allocation},
  author={Chen, Ye and Berkhin, Pavel and Anderson, Bo and Devanur, Nikhil R},
  booktitle={Proceedings of the 17th ACM SIGKDD international conference on Knowledge discovery and data mining},
  pages={1307--1315},
  year={2011},
  organization={ACM}
}

@inproceedings{alaei2012online,
  title={Online prophet-inequality matching with applications to ad allocation},
  author={Alaei, Saeed and Hajiaghayi, MohammadTaghi and Liaghat, Vahid},
  booktitle={Proceedings of the 13th ACM Conference on Electronic Commerce},
  pages={18--35},
  year={2012},
  organization={ACM}
}

@inproceedings{lee2013real,
  title={Real time bid optimization with smooth budget delivery in online advertising},
  author={Lee, Kuang-Chih and Jalali, Ali and Dasdan, Ali},
  booktitle={Proceedings of the Seventh International Workshop on Data Mining for Online Advertising},
  pages={1},
  year={2013},
  organization={ACM}
}

@inproceedings{kesselheim2014primal,
  title={Primal beats dual on online packing LPs in the random-order model},
  author={Kesselheim, Thomas and T{\"o}nnis, Andreas and Radke, Klaus and V{\"o}cking, Berthold},
  booktitle={Proceedings of the forty-sixth annual ACM symposium on Theory of computing},
  pages={303--312},
  year={2014},
  organization={ACM}
}
